@BOOK{Poole:2010,
	author = "Poole, D.~L. and Mackworth, A.~K.",
	title = "{Artificial Intelligence: Foundations of Computational Agents}",
	publisher = "Cambridge University Press",
	address = "New York, NY",
	year = 2010,
	annote    = "{This is the first appearance in the literature of the
                  concept of a semismooth function.  Semismooth functions 
                  are closed under addition and composition, and also 
                  guarantee the local convergence of nonsmooth 
                  generalizations of Newton's method.}"
}

@ELECTRONIC{CM317,
	author = "Harnad, S.",
	title = "{What is AI?}",
	url = "http://users.ecs.soton.ac.uk/harnad/Tp/CM317/all.htm",
	year = 2014
}

@BOOK{Russell:2010,
	author = "Russell, S. and Norvig, P.",
	title = "{Artificial Intelligence: A Modern Approach}",
	edition = 3,
	publisher = "Pearson Education, Inc.",
	address = "Upper Saddle River, NJ",
	year = 2010
}

@ELECTRONIC{Anderson:2006,
	author = "Anderson, D.~L.",
	title = "What is a computer?",
	url = "http://www.mind.ilstu.edu/curriculum/nature\_of\_computers/what\_is\_a\_computer.php",
	year = 2006
}

@BOOK{Ivir:1991,
	author = "Ivir, V. and Kalogjera, D.",
	title = "{Languages in Contact and Contrast: Essays in Contact Linguistics}",
	publisher = "Walter de Gruyter \& Co.",
	address = "Berlin, Germany",
	year = 1991
}

@ELECTRONIC{Weiss:2008,
	author = "Weiss, S.",
	title = "Effective Calculability and Unsolvability",
	url = "http://www.compsci.hunter.cuny.edu/~sweiss/course_materials/csci265/Unsolvability.pdf",
	month = jan,
	year = 2008
}
